@article{lazaridou2016identifying,
  title={Identifying Political Bias in News Articles},
  author={Lazaridou, Konstantina and Krestel, Ralf},
  journal={Bulletin of the IEEE TCDL},
  volume={12},
  year={2016}
}

@inproceedings{zanzotto2010expanding,
  title={Expanding Textual Entailment Corpora from Wikipedia using Co-Training},
  author={Zanzotto, Fabio Massimo and Pennacchiotti, Marco},
  booktitle={The People’s Web Meets NLP Workshop (COLING)},
  pages={28--36},
  year={2010}
}

@inproceedings{yang2017identifying,
  title={Identifying Semantic Edit Intentions from Revisions in Wikipedia},
  author={Yang, Diyi and Halfaker, Aaron and Kraut, Robert and Hovy, Eduard},
  booktitle={Conference on Empirical Methods in Natural Language Processing},
  pages={2000--2010},
  year={2017}
}

@article{asthana2018few,
  title={With Few Eyes, All Hoaxes are Deep},
  author={Asthana, Sumit and Halfaker, Aaron},
  journal={Proceedings of the ACM on Human-Computer Interaction},
  volume={2},
  number={CSCW},
  pages={21},
  year={2018},
  publisher={ACM}
}

@article{gwet2011krippendorff,
  title={On the Krippendorff’s alpha coefficient},
  author={Gwet, Kilem L},
  journal={Manuscript submitted for publication. Retrieved October},
  volume={2},
  number={2011},
  pages={2011},
  year={2011}
}

@article{hamborg2018automated,
  title={Automated identification of media bias in news articles: an interdisciplinary literature review},
  author={Hamborg, Felix and Donnay, Karsten and Gipp, Bela},
  journal={International Journal on Digital Libraries},
  pages={1--25},
  year={2018},
  publisher={Springer}
}

@inproceedings{mihaylova2018fact,
  title={Fact checking in community forums},
  author={Mihaylova, Tsvetomila and Nakov, Preslav and Marquez, Lluis and Barron-Cedeno, Alberto and Mohtarami, Mitra and Karadzhov, Georgi and Glass, James},
  booktitle={Thirty-Second AAAI Conference on Artificial Intelligence},
  year={2018}
}

@article{levin1998all,
  title={All Frames are not Created Equal: A Typology and Critical Analysis of Framing Effects},
  author={Levin, Irwin P and Schneider, Sandra L and Gaeth, Gary J},
  journal={Organizational Behavior and Human Decision Processes},
  volume={76},
  number={2},
  pages={149--188},
  year={1998},
  publisher={Academic Press}
}



@article{landis1977measurement,
  title={The Measurement of Observer Agreement for Categorical Data},
  author={Landis, J Richard and Koch, Gary G},
  journal={Biometrics},
  pages={159--174},
  year={1977},
  publisher={JSTOR}
}



@inproceedings{bordia2019identifying,
  title={Identifying and Reducing Gender Bias in Word-Level Language Models},
  author={Bordia, Shikha and Bowman, Samuel R},
  booktitle={NAACL 2019 Student Research Workshop},
  year={2019}
}

@misc{knightSurvey,
  title = {Indicators of News Media Trust},
  author = {Open Society Foundation},
  howpublished = {\url{https://kf-site-production.s3.amazonaws.com/media_elements/files/000/000/216/original/KnightFoundation_Panel4_Trust_Indicators_FINAL.pdf}},
  year={2018},
}

@misc{Gallup,
  title = {Americans: Much Misinformation, Bias, Inaccuracy in News},
  author = {Gallup},
  howpublished = {\url{https://news.gallup.com/opinion/gallup/235796/ \\ americans-misinformation-bias-\\inaccuracy-news.aspx}},
  year={2018}
}

@inproceedings{manzini2019black,
  title={Black is to Criminal as Caucasian is to Police: Detecting and Removing Multiclass Bias in Word Embeddings},
  author={Manzini, Thomas and Lim, Yao Chong and Tsvetkov, Yulia and Black, Alan W},
  booktitle={NAACL 2019},
  year={2019}
}

@article{garg2018word,
  title={Word Embeddings Quantify 100 Years of Gender and Ethnic Stereotypes},
  author={Garg, Nikhil and Schiebinger, Londa and Jurafsky, Dan and Zou, James},
  journal={Proceedings of the National Academy of Sciences},
  volume={115},
  number={16},
  pages={E3635--E3644},
  year={2018},
}

@inproceedings{das2018mitigating,
  title={Mitigating Bias in Gender, Age and Ethnicity Classification: a Multi-Task Convolution Neural Network Approach},
  author={Das, Abhijit and Dantcheva, Antitza and Bremond, Francois},
  booktitle={Proceedings of the European Conference on Computer Vision (ECCV)},
  pages={0--0},
  year={2018}
}

@inproceedings{patankar2019bias,
  title={A Bias Aware News Recommendation System},
  author={Patankar, Anish and Bose, Joy and Khanna, Harshit},
  booktitle={2019 IEEE 13th International Conference on Semantic Computing (ICSC)},
  pages={232--238},
  year={2019},
  organization={IEEE}
}

@inproceedings{hatzivassiloglou2000effects,
  title={Effects of Adjective Orientation and Gradability on Sentence Subjectivity},
  author={Hatzivassiloglou, Vasileios and Wiebe, Janyce M},
  booktitle={Proceedings of COLING 2000},
  pages={299--305},
  year={2000},
}

@inproceedings{dixon2018measuring,
  title={Measuring and Mitigating Unintended Bias in Text Classification},
  author={Dixon, Lucas and Li, John and Sorensen, Jeffrey and Thain, Nithum and Vasserman, Lucy},
  booktitle={Proceedings of the 2018 AAAI/ACM Conference on AI, Ethics, and Society},
  pages={67--73},
  year={2018},
  organization={ACM}
}

@misc{zou2018ai,
  title={AI can be Sexist and Racist—it’s Time to Make it Fair},
  author={Zou, James and Schiebinger, Londa},
  year={2018},
  publisher={Nature Publishing Group}
}

@article{sunstein2002law,
  title={The Law of Group Polarization},
  author={Sunstein, Cass R},
  journal={Journal of Political Philosophy},
  volume={10},
  number={2},
  pages={175--195},
  year={2002},
  publisher={Wiley Online Library}
}

@article{druckman2005impact,
  title={The Impact of Media Bias: How Editorial Slant Affects Voters},
  author={Druckman, James N and Parkin, Michael},
  journal={The Journal of Politics},
  volume={67},
  number={4},
  pages={1030--1049},
  year={2005},
  publisher={Cambridge University Press New York, USA}
}

@article{demarzo2003persuasion,
  title={Persuasion Bias, Social Influence, and Unidimensional Opinions},
  author={DeMarzo, Peter M and Vayanos, Dimitri and Zwiebel, Jeffrey},
  journal={The Quarterly Journal of Economics},
  volume={118},
  number={3},
  pages={909--968},
  year={2003},
  publisher={MIT Press}
}

@article{de2005news,
  title={News Framing: Theory and Typology.},
  author={De Vreese, Claes H},
  journal={Information Design Journal \& Document Design},
  volume={13},
  number={1},
  year={2005}
}

@book{zaller1992nature,
  title={The Nature and Origins of Mass Opinion},
  author={Zaller, John R and others},
  year={1992},
  publisher={Cambridge University Press}
}

@inproceedings{iyyer2014political,
  title={Political Ideology Detection using Recursive Neural Networks},
  author={Iyyer, Mohit and Enns, Peter and Boyd-Graber, Jordan and Resnik, Philip},
  booktitle={Proceedings of ACL},
  pages={1113--1122},
  year={2014}
}

@inproceedings{hube2018detecting,
  title={Detecting Biased Statements in Wikipedia},
  author={Hube, Christoph and Fetahu, Besnik},
  booktitle={The Web Conference},
  pages={1779--1786},
  year={2018},
  organization={International World Wide Web Conferences Steering Committee}
}

@article{morstatter2018identifying,
  title={Identifying Framing Bias in Online News},
  author={Morstatter, Fred and Wu, Liang and Yavanoglu, Uraz and Corman, Stephen R and Liu, Huan},
  journal={ACM Transactions on Social Computing},
  volume={1},
  number={2},
  pages={5},
  year={2018},
  publisher={ACM}
}

@article{guu2018generating,
  title={Generating Sentences by Editing Prototypes},
  author={Guu, Kelvin and Hashimoto, Tatsunori B and Oren, Yonatan and Liang, Percy},
  journal={Transactions of the Association of Computational Linguistics},
  volume={6},
  pages={437--450},
  year={2018},
}

@article{lample2019multiple,
  title={Multiple-Attribute Text Rewriting},
  author={Lample, Guillaume and Subramanian, Sandeep and Smith, Eric and Denoyer, Ludovic and Boureau, Y-Lan and others},
  year={2019}
}

@inproceedings{tsur2015frame,
  title={A Frame of Mind: Using Statistical Models for Detection of Framing and Agenda Setting Campaigns},
  author={Tsur, Oren and Calacci, Dan and Lazer, David},
  booktitle={Proceedings of ACL},
  pages={1629--1638},
  year={2015}
}


@inproceedings{dumitrache2018capturing,
  title={Capturing Ambiguity in Crowdsourcing Frame Disambiguation},
  author={Dumitrache, Anca and Aroyo, Lora and Welty, Chris},
  booktitle={Sixth AAAI Conference on Human Computation and Crowdsourcing},
  year={2018}
}



@inproceedings{hube2019neural,
  title={Neural Based Statement Classification for Biased Language},
  author={Hube, Christoph and Fetahu, Besnik},
  booktitle={Proceedings of the Twelfth ACM International Conference on Web Search and Data Mining},
  pages={195--203},
  year={2019},
  organization={ACM}
}

@article{leeftink2019towards,
  title={Towards Controlled Transformation of Sentiment in Sentences},
  author={Leeftink, Wouter and Spanakis, Gerasimos},
  journal={International Conference on Agents and Artificial Intelligence (ICAART)},
  year={2019}
}

@inproceedings{mccann2017learned,
  title={Learned in Translation: Contextualized Word Vectors},
  author={McCann, Bryan and Bradbury, James and Xiong, Caiming and Socher, Richard},
  booktitle={Advances in Neural Information Processing Systems},
  pages={6294--6305},
  year={2017}
}

@article{storks2019commonsense,
  title={Commonsense Reasoning for Natural Language Understanding: A Survey of Benchmarks, Resources, and Approaches},
  author={Storks, Shane and Gao, Qiaozi and Chai, Joyce Y},
  journal={Journal of Artificial Intelligence Research},
  year={2019}
}

@article{gao2019neural,
  title={Neural Approaches to Conversational AI},
  author={Gao, Jianfeng and Galley, Michel and Li, Lihong and others},
  journal={Foundations and Trends in Information Retrieval},
  volume={13},
  number={2-3},
  pages={127--298},
  year={2019},
  publisher={Now Publishers, Inc.}
}


@inproceedings{volkova2018misleading,
  title={Misleading or Falsification: Inferring Deceptive Strategies and Types in Online News and Social Media},
  author={Volkova, Svitlana and Jang, Jin Yea},
  booktitle={Companion of the The Web Conference 2018},
  pages={575--583},
  year={2018},
  organization={International World Wide Web Conferences Steering Committee}
}

@article{ethayarajh2019understanding,
  title={Understanding undesirable word embedding associations},
  author={Ethayarajh, Kawin and Duvenaud, David and Hirst, Graeme},
  journal={Proceedings of the Association for Computational Linguistics (ACL)},
  year={2019}
}


@book{niven2002tilt,
  title={Tilt?: The Search for Media Bias},
  author={Niven, David},
  year={2002},
  publisher={Greenwood Publishing Group}
}

@article{hamborg2018automated,
  title={Automated Identification of Media Bias in News Articles: an Interdisciplinary Literature Review},
  author={Hamborg, Felix and Donnay, Karsten and Gipp, Bela},
  journal={International Journal on Digital Libraries},
  pages={1--25},
  year={2018},
  publisher={Springer}
}

@article{sniezek1986gender,
  title={Gender Bias in English: In search of Fair Language},
  author={Sniezek, Janet A and Jazwinski, Christine H},
  journal={Journal of Applied Social Psychology},
  volume={16},
  number={7},
  pages={642--662},
  year={1986},
  publisher={Wiley Online Library}
}

@article{martin2018persistent,
  title={Persistent Bias on Wikipedia: Methods and Responses},
  author={Martin, Brian},
  journal={Social Science Computer Review},
  volume={36},
  number={3},
  pages={379--388},
  year={2018},
  publisher={SAGE Publications Sage CA: Los Angeles, CA}
}

@article{bernhardt2008political,
  title={Political Polarization and the Electoral Effects of Media Bias},
  author={Bernhardt, Dan and Krasa, Stefan and Polborn, Mattias},
  journal={Journal of Public Economics},
  volume={92},
  number={5-6},
  pages={1092--1104},
  year={2008},
  publisher={Elsevier}
}
@book{iyengar1994anyone,
  title={Is Anyone Responsible?: how Television Frames Political Issues},
  author={Iyengar, S},
  year={1994},
  publisher={Chicago}
}
@book{meyrowitz1986no,
  title={No Sense of Place: The Impact of Electronic Media on Social Behavior},
  author={Meyrowitz, Joshua},
  year={1986},
  publisher={Oxford University Press}
}

@article{dellavigna2007fox,
  title={The Fox News Effect: Media Bias and Voting},
  author={DellaVigna, Stefano and Kaplan, Ethan},
  journal={The Quarterly Journal of Economics},
  volume={122},
  number={3},
  pages={1187--1234},
  year={2007},
  publisher={MIT Press}
}

@article{pavalanathan2018mind,
  title={Mind Your POV: Convergence of Articles and Editors Towards Wikipedia's Neutrality Norm},
  author={Pavalanathan, Umashanthi and Han, Xiaochuang and Eisenstein, Jacob},
  journal={Proceedings of the ACM on Human-Computer Interaction},
  volume={2},
  number={CSCW},
  pages={137},
  year={2018},
  publisher={ACM}
}
@inproceedings{recasens2013linguistic,
  title={Linguistic Models for Analyzing and Detecting Biased Language},
  author={Recasens, Marta and Danescu-Niculescu-Mizil, Cristian and Jurafsky, Dan},
  booktitle={Proceedings of ACL},
  pages={1650--1659},
  year={2013}
}

@article{biegel2016national,
  title={The National Artificial Intelligence Research and Development Strategic Plan},
  author={Biegel, B and Kurose, JF},
  journal={Washington, DC: White House},
  pages={8--40},
  year={2016}
}

@article{japanadvisory2017,
  title={Advisory Board on Artificial Intelligence and Human Society},
  author={Cabinet, Government of Japan},
  journal={Report on Artificial Intelligence and Human Society},
  year={2017}
}

@article{likert1932technique,
  title={A Technique for the Measurement of Attitudes.},
  author={Likert, Rensis},
  journal={Archives of Psychology},
  year={1932}
}

@article{osgood1964semantic,
  title={Semantic Differential Technique in the Comparative study of Cultures},
  author={Osgood, Charles E},
  journal={American Anthropologist},
  volume={66},
  number={3},
  pages={171--200},
  year={1964},
  publisher={Wiley Online Library}
}

@inproceedings{papineni2002bleu,
  title={BLEU: a Method for Automatic Evaluation of Machine Translation},
  author={Papineni, Kishore and Roukos, Salim and Ward, Todd and Zhu, Wei-Jing},
  booktitle={Proceedings of ACL},
  pages={311--318},
  year={2002},
}

@inproceedings{mir2019evaluating,
  title={Evaluating Style Transfer for Text},
  author={Mir, Remi and Felbo, Bjarke and Obradovich, Nick and Rahwan, Iyad},
  booktitle={Proceedings of NAACL},
  year={2019}
}

@inproceedings{chaganty2018price,
  title={The Price of Debiasing Automatic Metrics in Natural Language Evaluation},
  author={Chaganty, Arun Tejasvi and Mussman, Stephen and Liang, Percy},
  booktitle={Proceedings of ACL},
  year={2018}
}

@inproceedings{rashkin2015connotation,
  title={Connotation Frames: A Data-Driven Investigation},
  author={Rashkin, Hannah and Singh, Sameer and Choi, Yejin},
  booktitle={Proceedings of ACL},
  year={2015}
}


@inproceedings{loper2002nltk,
  title={NLTK: the Natural Language Toolkit},
  author={Loper, Edward and Bird, Steven},
  booktitle={ACL Workshop on Teaching Tools and Methodologies},
  year={2002}
}


@inproceedings{wei2019translating,
  title={Translating with Bilingual Topic Knowledge for Neural Machine Translation},
  author={Wei, Xiangpeng and Hu, Yue and Xing, Luxi and Wang, Yipeng and Gao, Li},
  booktitle={AAAI},
  year={2019}
}

@inproceedings{ipeirotis2010quality,
  title={Quality Management on Amazon Mechanical Turk},
  author={Ipeirotis, Panagiotis G and Provost, Foster and Wang, Jing},
  booktitle={Proceedings of the ACM SIGKDD Workshop on Human Computation},
  pages={64--67},
  year={2010},
  organization={ACM}
}

@article{tikhonov2018wrong,
  title={What is wrong with style transfer for texts?},
  author={Tikhonov, Alexey and Yamshchikov, Ivan P},
  journal={arXiv preprint arXiv:1808.04365},
  year={2018}
}

@inproceedings{sim2013measuring,
  title={Measuring Ideological Proportions in Political Speeches},
  author={Sim, Yanchuan and Acree, Brice DL and Gross, Justin H and Smith, Noah A},
  booktitle={Proceedings of EMNLP},
  pages={91--101},
  year={2013}
}

@article{schnoebelen2010using,
  title={Using Amazon Mechanical Turk for Linguistic Research},
  author={Schnoebelen, Tyler and Kuperman, Victor},
  journal={Psihologija},
  volume={43},
  number={4},
  pages={441--464},
  year={2010}
}

@msc{johnson_2018, title={Overcoming AI Bias with AI Fairness}, howpublished={\url{https://cacm.acm.org/news/233224-overcoming-ai-bias-with-ai\\-fairness/fulltext}}, journal={Association for Computing Machinery}, author={Johnson, Colin}, year={2018}, month={Dec}}

@inproceeedings{devlin2018bert,
  title={Bert: Pre-training of Deep Bidirectional Transformers for Language Understanding},
  author={Devlin, Jacob and Chang, Ming-Wei and Lee, Kenton and Toutanova, Kristina},
  booktitle={Proceedings of NAACL},
  year={2019}
}

@inproceedings{callison2009fast,
  title={Fast, Cheap, and Creative: Evaluating Translation Quality using Amazon's Mechanical Turk},
  author={Callison-Burch, Chris},
  booktitle={Proceedings of EMNLP},
  pages={286--295},
  year={2009},
}

@inproceedings{rashkin2017truth,
  title={Truth of varying shades: Analyzing language in fake news and political fact-checking},
  author={Rashkin, Hannah and Choi, Eunsol and Jang, Jin Yea and Volkova, Svitlana and Choi, Yejin},
  booktitle={Proceedings of EMNLP},
  pages={2931--2937},
  year={2017}
}


@inproceedings{snow2008cheap,
  title={Cheap and Fast--- but is it Good?: Evaluating Non-Expert Annotations for Natural Language Tasks},
  author={Snow, Rion and O'Connor, Brendan and Jurafsky, Daniel and Ng, Andrew Y},
  booktitle={Proceedings of EMNLP},
  pages={254--263},
  year={2008},
}

@article{lichtarge2019corpora,
  title={Corpora Generation for Grammatical Error Correction},
  author={Lichtarge, Jared and Alberti, Chris and Kumar, Shankar and Shazeer, Noam and Parmar, Niki and Tong, Simon},
  journal={North American Chapter of the Association for Computational Linguistics  (NAACL)},
  year={2019}
}

@inproceedings{peters2018deep,
  title={Deep Contextualized Word Representations},
  author={Peters, Matthew E and Neumann, Mark and Iyyer, Mohit and Gardner, Matt and Clark, Christopher and Lee, Kenton and Zettlemoyer, Luke},
  booktitle={Proceedings of NAACL},
  year={2018}
}

@article{dunextending,
  title={Extending Answer Prediction for Deep Bi-directional Transformers},
  journal={32nd Conference on Neural Information Processing Systems (NIPS)},
  author={Dun, Peter and Zhu, Lauren and Zhao, David},
  year={2019}
}

@inproceedings{xu2017shakespeare,
  title={From Shakespeare to Twitter: What are Language Styles all about?},
  author={Xu, Wei},
  booktitle={Proceedings of the Workshop on Stylistic Variation},
  pages={1--9},
  year={2017}
}
@inproceedings{shen2017style,
  title={Style Transfer from Non-Parallel Text by Cross-Alignment},
  author={Shen, Tianxiao and Lei, Tao and Barzilay, Regina and Jaakkola, Tommi},
  booktitle={Advances in Neural Information Processing Systems},
  pages={6830--6841},
  year={2017}
}

@article{xie2016neural,
  title={Neural Language Correction with Character-Based Attention},
  author={Xie, Ziang and Avati, Anand and Arivazhagan, Naveen and Jurafsky, Dan and Ng, Andrew Y},
  journal={arXiv preprint arXiv:1603.09727},
  year={2016}
}

@article{larrick2004debiasing,
  title={Debiasing},
  author={Larrick, Richard P},
  journal={Blackwell handbook of judgment and decision making},
  pages={316--338},
  year={2004},
  publisher={Wiley Online Library}
}

@book{dow2015passions,
  title={Passions and Persuasion in Aristotle's Rhetoric},
  author={Dow, Jamie},
  year={2015},
  publisher={Oxford Aristotle Studies}
}

@article{ratcliff1988pattern,
  title={Pattern-Matching the Gestalt Approach},
  author={Ratcliff, John W and Metzener, David E},
  journal={Dr Dobbs Journal},
  volume={13},
  number={7},
  pages={46},
  year={1988},
  publisher={MILLER FREEMAN, INC 411 BOREL AVE, SAN MATEO, CA 94402-3522}
}

@article{callahan2011cultural,
  title={Cultural Bias in Wikipedia Content on Famous Persons},
  author={Callahan, Ewa S and Herring, Susan C},
  journal={Journal of the American Society for Information Science and Technology},
  volume={62},
  number={10},
  pages={1899--1915},
  year={2011},
  publisher={Wiley Online Library}
}

@article{rubin1974estimating,
  title={Estimating causal effects of treatments in randomized and nonrandomized studies.},
  author={Rubin, Donald B},
  journal={Journal of educational Psychology},
  volume={66},
  number={5},
  pages={688},
  year={1974},
  publisher={American Psychological Association}
}

@inproceedings{pryzant2018deconfounded,
  title={Deconfounded Lexicon Induction for Interpretable Social Science},
  author={Pryzant, Reid and Shen, Kelly and Jurafsky, Dan and Wagner, Stefan},
  booktitle={Conference of the North American Chapter of the Association for Computational Linguistics (NAACL)},
  volume={1},
  pages={1615--1625},
  year={2018}
}

@article{faruqui2018wikiatomicedits,
  title={WikiAtomicEdits: A multilingual corpus of Wikipedia edits for modeling language and discourse},
  author={Faruqui, Manaal and Pavlick, Ellie and Tenney, Ian and Das, Dipanjan},
  journal={Proceedings of the 2018 Conference on Empirical Methods in Natural Language Processing},
  year={2018}
}


@article{pryzant2017jesc,
  title={JESC: Japanese-English Subtitle Corpus},
  author={Pryzant, Reid and Chung, Yongjoo and Jurafsky, Dan and Britz, Denny},
  journal={11th edition of the Language Resources and Evaluation Conference (LREC)},
  year={2017}
}

@inproceedings{tiedemann2008synchronizing,
  title={Synchronizing Translated Movie Subtitles.},
  author={Tiedemann, J{\"o}rg},
  booktitle={Language Resources and Evaluation Conference (LREC)},
  year={2008}
}

@article{hochreiter1997long,
  title={Long short-term memory},
  author={Hochreiter, Sepp and Schmidhuber, J{\"u}rgen},
  journal={Neural computation},
  volume={9},
  number={8},
  pages={1735--1780},
  year={1997},
  publisher={MIT Press}
}

@article{bahdanau2014neural,
  title={Neural machine translation by jointly learning to align and translate},
  author={Bahdanau, Dzmitry and Cho, Kyunghyun and Bengio, Yoshua},
  journal={International Conference for Learning Representations (ICLR)},
  year={2014}
}

@inproceedings{vincent2008extracting,
  title={mir2019evaluating},
  author={Vincent, Pascal and Larochelle, Hugo and Bengio, Yoshua and Manzagol, Pierre-Antoine},
  booktitle={Proceedings of the 25th international conference on Machine learning},
  pages={1096--1103},
  year={2008},
  organization={ACM}
}

@article{hill2016learning,
  title={Learning distributed representations of sentences from unlabelled data},
  author={Hill, Felix and Cho, Kyunghyun and Korhonen, Anna},
  journal={arXiv preprint arXiv:1602.03483},
  year={2016}
}

@inproceedings{sutskever2014sequence,
  title={Sequence to sequence learning with neural networks},
  author={Sutskever, Ilya and Vinyals, Oriol and Le, Quoc V},
  booktitle={Advances in neural information processing systems},
  pages={3104--3112},
  year={2014}
}


@article{freitag2018unsupervised,
  title={Unsupervised Natural Language Generation with Denoising Autoencoders},
  author={Freitag, Markus and Roy, Scott},
  journal={Empirical Methods in Natural Language Processing (EMNLP)},
  year={2018}
}

@article{lample2017unsupervised,
  title={Unsupervised machine translation using monolingual corpora only},
  author={Lample, Guillaume and Conneau, Alexis and Denoyer, Ludovic and Ranzato, Marc'Aurelio},
  journal={International Conference for Learning Representations (ICLR)},
  year={2017}
}

@inproceedings{lample2018phrase,
  title={Phrase-based \& neural unsupervised machine translation},
  author={Lample, Guillaume and Ott, Myle and Conneau, Alexis and Denoyer, Ludovic and Ranzato, Marc'Aurelio},
  booktitlte={Proceedings of EMNLP)},
  year={2018}
}

@inproceedings{luong2015effective,
  title={Effective approaches to attention-based neural machine translation},
  author={Luong, Minh-Thang and Pham, Hieu and Manning, Christopher D},
  booktitle={Proceedings of EMNLP},
  year={2015}
}

@article{schmaltz2017adapting,
  title={Adapting sequence models for sentence correction},
  author={Schmaltz, Allen and Kim, Yoon and Rush, Alexander M and Shieber, Stuart M},
  journal={EMNLP},
  year={2017}
}

@article{sakaguchi2017grammatical,
  title={Grammatical error correction with neural reinforcement learning},
  author={Sakaguchi, Keisuke and Post, Matt and Van Durme, Benjamin},
  journal={International Joint Conference on Natural Language Processing (IJCNLP)},
  year={2017}
}

@inproceedings{junczys2018approaching,
  title={Approaching Neural Grammatical Error Correction as a Low-Resource Machine Translation Task},
  author={Junczys-Dowmunt, Marcin and Grundkiewicz, Roman and Guha, Shubha and Heafield, Kenneth},
  booktitle={Proceedings of NAACL},
  year={2018}
}

@article{margineantu2001methods,
  title={Methods for cost-sensitive learning},
  author={Margineantu, Dragos Dorin},
  year={2001}
}

@article{zhou2006training,
  title={Training cost-sensitive neural networks with methods addressing the class imbalance problem},
  author={Zhou, Zhi-Hua and Liu, Xu-Ying},
  journal={Transactions of IEEE},
  year={2006},
}

@inproceedings{kuang2016semantic,
  title={Semantic and context-aware linguistic model for bias detection},
  author={Kuang, Sicong and Davison, Brian D},
  booktitle={Proc. of the Natural Language Processing meets Journalism IJCAI-16 Workshop},
  pages={57--62},
  year={2016}
}

@article{hubetowards,
  title={Towards Bias Detection in Online Text Corpora},
  author={Hube, Christoph and J{\"a}schke, Robert and Fetahu, Besnik},
  journal={Jo Bates Paul D. Clough Robert J{\"a}schke},
  pages={19}
}

@article{fiester2015weaponizing,
  title={Weaponizing principles: clinical ethics consultations \& the plight of the morally vulnerable},
  author={Fiester, Autumn M},
  journal={Bioethics},
  volume={29},
  number={5},
  pages={309--315},
  year={2015},
  publisher={Wiley Online Library}
}

@article{patrick2018evocative,
  title={Evocative Advocates and Stirring Statesmen: Law, Politics, and the Weaponization of Imagery},
  author={Patrick, Carlton},
  journal={Evolutionary Studies in Imaginative Culture},
  volume={2},
  number={2},
  pages={33--46},
  year={2018},
  publisher={JSTOR}
}

@inproceedings{li2018delete,
  title={Delete, retrieve, generate: A simple approach to sentiment and style transfer},
  author={Li, Juncen and Jia, Robin and He, He and Liang, Percy},
  booktitle={Proceedings of NAACL},
  year={2018}
}

@inproceedings{hitomi2017proofread,
  title={Proofread Sentence Generation as Multi-Task Learning with Editing Operation Prediction},
  author={Hitomi, Yuta and Tamori, Hideaki and Okazaki, Naoaki and Inui, Kentaro},
  booktitle={Joint Conference on Natural Language Processing},
  volume={2},
  pages={436--441},
  year={2017}
}

@inproceedings{vaswani2017attention,
  title={Attention is all you need},
  author={Vaswani, Ashish and Shazeer, Noam and Parmar, Niki and Uszkoreit, Jakob and Jones, Llion and Gomez, Aidan N and Kaiser, {\L}ukasz and Polosukhin, Illia},
  booktitle={Advances in Neural Information Processing Systems},
  pages={5998--6008},
  year={2017}
}

@book{hyland2018metadiscourse,
  title={Metadiscourse: Exploring interaction in writing},
  author={Hyland, Ken},
  year={2018},
  publisher={Bloomsbury Publishing}
}

@book{hooper1974assertive,
  title={On assertive predicates},
  author={Hooper, Joan B},
  year={1974},
  publisher={Indiana University Linguistics Club}
}

@article{karttunen1971implicative,
  title={Implicative verbs},
  author={Karttunen, Lauri},
  journal={Language},
  pages={340--358},
  year={1971},
  publisher={JSTOR}
}

@article{karttunen1971some,
  title={Some observations on factivity},
  author={Karttunen, Lauri},
  journal={Research on Language \& Social Interaction},
  volume={4},
  number={1},
  pages={55--69},
  year={1971},
  publisher={Taylor \& Francis}
}

@inproceedings{choi2012hedge,
  title={Hedge detection as a lens on framing in the GMO debates: A position paper},
  author={Choi, Eunsol and Tan, Chenhao and Lee, Lillian and Danescu-Niculescu-Mizil, Cristian and Spindel, Jennifer},
  booktitle={Proceedings of the Workshop on Extra-Propositional Aspects of Meaning in Computational Linguistics},
  pages={70--79},
  year={2012},
}

@inproceedings{berant2012efficient,
  title={Efficient tree-based approximation for entailment graph learning},
  author={Berant, Jonathan and Dagan, Ido and Adler, Meni and Goldberger, Jacob},
  booktitle={Proceedings of ACL},
  pages={117--125},
  year={2012},
}

@inproceedings{riloff2003learning,
  title={Learning extraction patterns for subjective expressions},
  author={Riloff, Ellen and Wiebe, Janyce},
  booktitle={Conference on Empirical methods in natural language processing},
  year={2003}
}

@inproceedings{liu2005opinion,
  title={Opinion observer: analyzing and comparing opinions on the web},
  author={Liu, Bing and Hu, Minqing and Cheng, Junsheng},
  booktitle={Proceedings of the 14th international conference on World Wide Web},
  pages={342--351},
  year={2005},
  organization={ACM}
}

@inproceedings{qi2018universal,
 address = {Brussels, Belgium},
 author = {Qi, Peng  and  Dozat, Timothy  and  Zhang, Yuhao  and  Manning, Christopher D.},
 booktitle = {Proceedings of the {CoNLL} 2018 Shared Task: Multilingual Parsing},
 month = {October},
 pages = {160--170},
 publisher = {Association for Computational Linguistics},
 title = {Universal Dependency Parsing from Scratch},
 url = {https://nlp.stanford.edu/pubs/qi2018universal.pdf},
 year = {2018}
}


@ARTICLE{spacy2,
   AUTHOR  = {Honnibal, Matthew AND Montani, Ines},
   TITLE   = {spaCy 2: Natural language understanding with Bloom embeddings, convolutional neural networks and incremental parsing},
   YEAR    = {2017},
   JOURNAL = {To appear}
}

@article{see2017get,
  title={Get to the point: Summarization with pointer-generator networks},
  author={See, Abigail and Liu, Peter J and Manning, Christopher D},
  journal={Proceedings of ACL},
  year={2017}
}

@article{rajpurkar2018know,
  title={Know What You Don't Know: Unanswerable Questions for SQuAD},
  author={Rajpurkar, Pranav and Jia, Robin and Liang, Percy},
  journal={Proceedings of ACL},
  year={2018}
}

@article{prabhumoye2018style,
  title={Style transfer through back-translation},
  author={Prabhumoye, Shrimai and Tsvetkov, Yulia and Salakhutdinov, Ruslan and Black, Alan W},
  journal={Association for Computational Linguistics (ACL)},
  year={2018}
}

@article{erhan2010does,
  title={Why does unsupervised pre-training help deep learning?},
  author={Erhan, Dumitru and Bengio, Yoshua and Courville, Aaron and Manzagol, Pierre-Antoine and Vincent, Pascal and Bengio, Samy},
  journal={Journal of Machine Learning Research},
  volume={11},
  number={Feb},
  pages={625--660},
  year={2010}
}

@inproceedings{bengio2007greedy,
  title={Greedy layer-wise training of deep networks},
  author={Bengio, Yoshua and Lamblin, Pascal and Popovici, Dan and Larochelle, Hugo},
  booktitle={Advances in neural information processing systems},
  pages={153--160},
  year={2007}
}

@book{Goodfellow-et-al-2016,
    title={Deep Learning},
    author={Ian Goodfellow and Yoshua Bengio and Aaron Courville},
    publisher={MIT Press},
    note={\url{http://www.deeplearningbook.org}},
    year={2016}
}

@inproceedings{bolukbasi2016man,
  title={Man is to computer programmer as woman is to homemaker? debiasing word embeddings},
  author={Bolukbasi, Tolga and Chang, Kai-Wei and Zou, James Y and Saligrama, Venkatesh and Kalai, Adam T},
  booktitle={Advances in neural information processing systems},
  pages={4349--4357},
  year={2016}
}

@inproceedings{pleiss2017fairness,
  title={On fairness and calibration},
  author={Pleiss, Geoff and Raghavan, Manish and Wu, Felix and Kleinberg, Jon and Weinberger, Kilian Q},
  booktitle={Advances in Neural Information Processing Systems},
  pages={5680--5689},
  year={2017}
}

@article{zhao2017men,
  title={Men also like shopping: Reducing gender bias amplification using corpus-level constraints},
  author={Zhao, Jieyu and Wang, Tianlu and Yatskar, Mark and Ordonez, Vicente and Chang, Kai-Wei},
  journal={arXiv preprint arXiv:1707.09457},
  year={2017}
}
@article{wang2018adversarial,
  title={Adversarial Removal of Gender from Deep Image Representations},
  author={Wang, Tianlu and Zhao, Jieyu and Chang, Kai-Wei and Yatskar, Mark and Ordonez, Vicente},
  journal={arXiv preprint arXiv:1811.08489},
  year={2018}
}
@inproceedings{zhang2018mitigating,
  title={Mitigating unwanted biases with adversarial learning},
  author={Zhang, Brian Hu and Lemoine, Blake and Mitchell, Margaret},
  booktitle={Proceedings of the 2018 AAAI/ACM Conference on AI, Ethics, and Society},
  pages={335--340},
  year={2018},
  organization={ACM}
}

@article{zhao2018gender,
  title={Gender bias in coreference resolution: Evaluation and debiasing methods},
  author={Zhao, Jieyu and Wang, Tianlu and Yatskar, Mark and Ordonez, Vicente and Chang, Kai-Wei},
  journal={arXiv preprint arXiv:1804.06876},
  year={2018}
}

@article{gonen2019lipstick,
  title={Lipstick on a Pig: Debiasing Methods Cover up Systematic Gender Biases in Word Embeddings But do not Remove Them},
  author={Gonen, Hila and Goldberg, Yoav},
  journal={North American Chapter of the Association for Computational Linguistics  (NAACL)},
  year={2019}
}

@article{paszke2017automatic,
  title={Automatic differentiation in pytorch},
  author={Paszke, Adam and Gross, Sam and Chintala, Soumith and Chanan, Gregory and Yang, Edward and DeVito, Zachary and Lin, Zeming and Desmaison, Alban and Antiga, Luca and Lerer, Adam},
  year={2017}
}

@article{kingma2014adam,
  title={Adam: A method for stochastic optimization},
  author={Kingma, Diederik P and Ba, Jimmy},
  journal={International Conference for Learning Representations (ICLR)},
  year={2014}
}

@article{wang2018glue,
  title={Glue: A multi-task benchmark and analysis platform for natural language understanding},
  author={Wang, Alex and Singh, Amapreet and Michael, Julian and Hill, Felix and Levy, Omer and Bowman, Samuel R},
  journal={International Conference for Learning Representations (ICLR)},
  year={2019}
}

@article{kudo2018sentencepiece,
  title={SentencePiece: A simple and language independent subword tokenizer and detokenizer for Neural Text Processing},
  author={Kudo, Taku and Richardson, John},
  journal={Empirical Methods in Natural Language Processing (EMNLP)},
  year={2018}
}

@article{srivastava2014dropout,
  title={Dropout: a simple way to prevent neural networks from overfitting},
  author={Srivastava, Nitish and Hinton, Geoffrey and Krizhevsky, Alex and Sutskever, Ilya and Salakhutdinov, Ruslan},
  journal={The Journal of Machine Learning Research},
  volume={15},
  number={1},
  pages={1929--1958},
  year={2014},
  publisher={JMLR. org}
}

@inproceedings{koehn2004statistical,
  title={Statistical significance tests for machine translation evaluation},
  author={Koehn, Philipp},
  booktitle={Conference on Empirical Methods in Natural Language Processing},
  year={2004}
}

@book{efron1994introduction,
  title={An introduction to the bootstrap},
  author={Efron, Bradley and Tibshirani, Robert J},
  year={1994},
  publisher={CRC press}
}

@article{press1992numerical,
  title={Numerical recipes in C++},
  author={Press, William H and Teukolsky, Saul A and Vetterling, William T and Flannery, Brian P},
  journal={The art of scientific computing},
  volume={2},
  pages={1002},
  year={1992}
}

@techreport{kumar2004minimum,
  title={Minimum bayes-risk decoding for statistical machine translation},
  author={Kumar, Shankar and Byrne, William},
  year={2004},
  institution={John Hopkins University Center for Language and Speech Processing (CLSP)}
}



@article{beutel2017data,
  title={Data decisions and theoretical implications when adversarially learning fair representations},
  author={Beutel, Alex and Chen, Jilin and Zhao, Zhe and Chi, Ed H},
  journal={Workshop on Fairness, Accountability, and Transparency in Machine Learning},
  year={2017}
}

@article{karttunen1971implicative,
  title={Implicative verbs},
  author={Karttunen, Lauri},
  journal={Language},
  pages={340--358},
  year={1971},
  publisher={JSTOR}
}

@article{entman2007framing,
  title={Framing bias: Media in the distribution of power},
  author={Entman, Robert M},
  journal={Journal of Communication},
  volume={57},
  number={1},
  pages={163--173},
  year={2007},
  publisher={Oxford University Press}
}

@article{altheide1976creating,
  title={Creating reality: How television news distorts events},
  author={Altheide, David},
  journal={Beverly Hills: Sage Publications},
  year={1976}
}

@inproceedings{baumer2015testing,
  title={Testing and comparing computational approaches for identifying the language of framing in political news},
  author={Baumer, Eric and Elovic, Elisha and Qin, Ying and Polletta, Francesca and Gay, Geri},
  booktitle={Conference of the North American Chapter of the Association for Computational Linguistics},
  pages={1472--1482},
  year={2015}
}



@article{bruce1999recognizing,
  title={Recognizing subjectivity: a case study in manual tagging},
  author={Bruce, Rebecca F and Wiebe, Janyce M},
  journal={Natural Language Engineering},
  volume={5},
  number={2},
  pages={187--205},
  year={1999},
}

@article{marneffe12,
    title = "Did It Happen? The Pragmatic Complexity of Veridicality Assessment",
    author = "Marneffe, Marie-Catherine de  and
      Manning, Christopher D.  and
      Potts, Christopher",
    journal = "Computational Linguistics",
    volume = "38",
    number = "2",
    year = "2012",
    url = "https://www.aclweb.org/anthology/J12-2003",
    pages = "301--333",
}

@inproceedings{white18,
    title = "Lexicosyntactic Inference in Neural Models",
    author = "White, Aaron Steven  and
      Rudinger, Rachel  and
      Rawlins, Kyle  and
      Van Durme, Benjamin",
    booktitle = "Proceedings of the 2018 Conference on Empirical Methods in Natural Language Processing",
    year = "2018",
 
    url = "https://www.aclweb.org/anthology/D18-1501",
    pages = "4717--4724",
    
}

@inproceedings{rudinger18,
    title = "Neural Models of Factuality",
    author = "Rudinger, Rachel  and
      White, Aaron Steven  and
      Van Durme, Benjamin",
    booktitle = "Proceedings of the 2018 Conference of the North {A}merican Chapter of the Association for Computational Linguistics: Human Language Technologies, Volume 1 (Long Papers)",
    year = "2018",
    url = "https://www.aclweb.org/anthology/N18-1067",
    pages = "731--744",
  
}

@article{sauri2009factbank,
  title={FactBank: a corpus annotated with event factuality},
  author={Saur{\'\i}, Roser and Pustejovsky, James},
  journal={Language resources and evaluation},
  volume={43},
  number={3},
  pages={227},
  year={2009},
}
